%% This BibTeX bibliography file was created using BibDesk.
%% http://bibdesk.sourceforge.net/

%% Created for Clemens Grabow at 2018-04-20 10:44:10 +0200 

%% Saved with string encoding Unicode (UTF-8) 

@book{CEP2017,
	title={Complex Event Processing - Verarbeitung von Ereignismustern in Datenströmen},
	author={Ulrich Hedtstück},
	isbn={978-3-662-53451-9},
	year={2017},
	publisher={Springer Berlin Heidelberg}
}
@book{bruns2010event,
	title={Event-Driven Architecture},
	author={Bruns, R. and Dunkel, J.},
	isbn={9783642024399},
	series={Xpert. press Series},
	url={https://books.google.de/books?id=CtRJBboxTz4C},
	year={2010},
	publisher={Springer Berlin Heidelberg}
}

@misc{EsperRef2018,
	title = {Esper Reference 7.1.0},
	howpublished = {\url{http://esper.espertech.com/release-7.1.0/esper-reference/pdf/esper_reference.pdf}},
	note = {Accessed on 2018-03-25}
}
